<?xml version="1.0" encoding="UTF-8"?>
<collection xmlns:xsi="http://www.w3.org/2001/XMLSchema-instance" xsi:schemaLocation="http://www.loc.gov/MARC21/slim http://www.loc.gov/standards/marcxml/schema/MARC21slim.xsd" xmlns="http://www.loc.gov/MARC21/slim">
<record>
  <leader>01952nam a2200241   4500</leader>
  <controlfield tag="001">2984958</controlfield>
  <controlfield tag="003">NNC</controlfield>
  <controlfield tag="005">20030429141026.0</controlfield>
  <controlfield tag="008">940427s1971    iq       b    000 0 arar </controlfield>
  <datafield tag="010" ind1=" " ind2=" ">
    <subfield code="a">   75972325 </subfield>
  </datafield>
  <datafield tag="035" ind1=" " ind2=" ">
    <subfield code="a">(OCoLC)ocm30339859</subfield>
  </datafield>
  <datafield tag="035" ind1=" " ind2=" ">
    <subfield code="9">ASN2148CU</subfield>
  </datafield>
  <datafield tag="040" ind1=" " ind2=" ">
    <subfield code="a">DLC</subfield>
    <subfield code="c">CUY</subfield>
    <subfield code="d">CUY</subfield>
    <subfield code="d">ZCU</subfield>
  </datafield>
  <datafield tag="050" ind1="0" ind2=" ">
    <subfield code="a">PJ8046</subfield>
    <subfield code="b">.Q5</subfield>
  </datafield>
  <datafield tag="245" ind1="0" ind2="0">
    <subfield code="a">Qiṣaṣ ʻIrāqīyah muʻāṣirah /</subfield>
    <subfield code="c">Muḥammad Khudayr-- [et al.] ; dirāsat Fāḍil Thāmir, Yāsīn al-Naṣīr.</subfield>
  </datafield>
  <datafield tag="260" ind1=" " ind2=" ">
    <subfield code="a">[Baghdād :</subfield>
    <subfield code="b">Maktabat Baghdād],</subfield>
    <subfield code="c">1971.</subfield>
  </datafield>
  <datafield tag="300" ind1=" " ind2=" ">
    <subfield code="a">216 p. ;</subfield>
    <subfield code="c">24 cm.</subfield>
  </datafield>
  <datafield tag="504" ind1=" " ind2=" ">
    <subfield code="a">Includes bibliographical references.</subfield>
  </datafield>
  <datafield tag="505" ind1="0" ind2=" ">
    <subfield code="a">Thāmir, Fāḍil, al-Naṣīr, Yāsīn. Hādhihi al-majmūʻah al-qaṣaṣīyah-- limādhā? -- al-Naṣīr, Yāsīn. Naẓrah ʻalá wāqiʻ al-qiṣṣah al-qaṣīrah fī al-ʻIrāq. -- Thāmir, Fāḍil. ʻAlāmāt fī ṭarīq taṭawwur al-qiṣṣah al-ʻIrāqīyah. -- Khudayr, Muḥammad. al-Urjūḥah. -- al-Asadī, Fahd. -- Ṭuyūr al-samāʾ. -- Karīdī, Mūsá. Ṭuqūs al-ʻāʾilah. -- ʻAbd al-Amīr, Khudayr. -- Waraqat al-iḥtijāj al-ʻāshirah. -- al-ʻIbādī, Ghazī. li-ʻAḍāʾ. -- al-Dabbāgh, Ghānim. al-Ṣūrah. -- Khalaf, Aḥmad. Nuzhah fī shawāriʻ mahjūrah. -- Nāṣir, ʻAbd al-Sittār. Rajul ismuhu Sharīf Nādir. -- al-Rabīʻī, ʻAbd al-Raḥmān. al-Dāʾirah lā bāb laha. -- al-Lāmī, Jumʻah. Ihtimāmāt ʻIrāqīyah. -- al-Qayyisī, Jalīl. -- Dayyūs akas māshīnā. -- Būluṣ, Sirkūn. al-Maljāʾ. -- ʻĀrif, Muḥammad Kāmil. al-Ṭayr al-aswad al-ṣaghīr. -- Khiḍr, Mawfiq. Ḥikāyatān ʻan al-madīnah. -- ʻAbd al-Majīd, Muḥammad. al-Hijrah fī al-ayyām al-muʾajjalah min zaman al-sakhaṭ. -- al-Ḥaydarī, Yūsuf. al-ʻAnkubūt.</subfield>
  </datafield>
  <datafield tag="650" ind1=" " ind2="0">
    <subfield code="a">Short stories, Arabic</subfield>
    <subfield code="z">Iraq.</subfield>
  </datafield>
  <datafield tag="700" ind1="1" ind2=" ">
    <subfield code="a">Thāmir, Fāḍil.</subfield>
  </datafield>
  <datafield tag="700" ind1="1" ind2=" ">
    <subfield code="a">Naṣīr, Yāsīn.</subfield>
  </datafield>
  <datafield tag="955" ind1=" " ind2=" ">
    <subfield code="b">0038577461</subfield>
    <subfield code="d">glx</subfield>
    <subfield code="e">PJ8046 .Q5</subfield>
  </datafield>
</record>
</collection>